2040 2903
821 182 1199 218 PRAEFATIO.
1785 180 1832 214 rii

291 284 444 320 Codices
473 283 635 330 denique
663 286 803 323 12168.
830 286 970 325 14532,
993 286 1132 323 14,‹›·13,
1161 283 1283 319 multa
1312 294 1331 318 e
1355 282 1634 318 Commentario
1665 282 1832 320 laudant,

193 354 286 390 nihil
310 361 438 391 autem
463 355 561 402 quod
586 366 661 390 non
684 355 779 390 alias
802 355 970 390 habeam.

291 497 443 539 Quanta
470 496 517 532 ad
545 497 868 534 Commentarium
897 497 1173 533 restituemhun
1198 509 1217 532 e
1242 497 1394 532 Graecis
1417 497 1571 532 Catenis
1592 497 1689 532 eruit
1713 497 1837 532 elaris-

191 568 310 603 simus
332 567 464 607 Maius,
484 567 580 602 nulli
606 568 798 613 ignotum:
825 568 860 602 in
885 568 1061 603 manibus
1083 568 1183 603 enim
1207 568 1386 609 onmium,
1410 568 1474 614 qui
1499 568 1693 603 literarum
1713 568 1837 603 Eccle-

192 639 431 674 siasticarum
464 639 554 685 quid
587 639 739 686 sapiunt
772 646 945 675 versatur
970 639 1204 675 Bibliotheca
1230 639 1386 675 Patrum
1411 640 1524 675 Nova.
1581 640 1680 675 Cave
1707 644 1833 675 tamen

191 709 322 745 credas
340 710 466 745 omnia
486 721 582 756 quae
601 710 638 745 in
655 715 757 745 tomo
777 711 940 746 secundo
959 711 1355 757 legas,C01nn1eutarii
1374 722 1463 752 esse,
1479 715 1545 746 aut
1565 711 1680 746 etiam
1695 710 1835 756 cyrilli.

196 781 327 816 [nsunt
354 781 455 816 enim
481 782 603 816 multa
630 793 650 817 e
676 781 843 817 Julianis
875 782 989 823 libris,
1017 782 1177 828 epistola
1204 782 1242 817 in
1270 782 1450 817 Acacium
1478 793 1572 828 pene
1599 785 1689 823 tota,
1716 783 1836 817 multa

192 863 212 887 e
234 852 328 888 libro
356 853 394 887 in
414 852 831 899 Anthropomorpllitas,
860 853 962 888 haud
988 865 1110 900 pauca
1136 866 1156 888 e
1180 853 1393 899 Glaphyris,
1414 858 1482 888 etc.
1536 853 1658 889 Multa
1682 854 1796 889 etiam
1819 867 1838 889 e

193 923 473 970 Theophylacto
509 924 559 959 ibi
590 925 762 970 reperies,
795 925 904 969 eujus
936 924 1208 970 interpretandi
1243 923 1378 959 modus
1409 924 1463 959 ita
1494 936 1515 959 a
1542 925 1747 970 Cnilliano
1775 925 1839 960 ab·

195 995 330 1036 horret,
358 1000 402 1030 ut
432 996 598 1031 multum
630 996 743 1031 mirer
771 996 913 1031 Maium
943 1001 1022 1031 tam
1051 995 1161 1031 facile
1190 1006 1234 1030 ea
1264 995 1301 1029 in
1330 994 1603 1030 Bibliothecam
1631 996 1839 1032 admisisse.

195 1066 379 1108 Quamvis
401 1067 501 1102 enim
522 1067 826 1113 Theophylactns
844 1070 1010 1102 mentem
1023 1066 1267 1112 jucunditate
1286 1065 1451 1112 quadam
1470 1066 1641 1107 oblectet,
1662 1068 1841 1103 novitatis

196 1141 326 1172 tamen
362 1143 400 1173 et
434 1138 602 1183 nugandi
638 1138 816 1184 cupidior,
853 1149 927 1172 non
963 1148 1006 1172 eo
1041 1148 1116 1184 quo
1146 1137 1311 1183 Cyrillus
1346 1148 1438 1172 sano
1474 1148 1567 1172 usus
1602 1142 1659 1173 est
1687 1138 1840 1183 judicio.

198 1208 436 1255 Quapropter
463 1220 687 1255 magnopere
714 1209 859 1253 gaudeo
884 1220 944 1244 me
969 1209 1095 1244 omnia
1123 1207 1338 1254 hujusmodi
1366 1219 1385 1242 e
1408 1208 1549 1254 Cyrillo
1575 1209 1770 1251 amovisse,
1790 1210 1841 1245 ita

197 1284 242 1315 ut
272 1280 338 1315 vix
369 1280 512 1327 aliquid
544 1283 708 1321 maneat,
736 1280 835 1326 quod
864 1291 940 1315 non
968 1291 1082 1325 grave
1113 1280 1172 1321 sit,
1196 1279 1373 1321 sobrium,
1396 1279 1461 1314 illo
1489 1279 1650 1326 denique
1678 1280 1843 1327 dignum.

199 1352 307 1398 cujus
334 1351 373 1386 in
397 1351 520 1393 verba,
539 1354 583 1386 ut
606 1352 659 1386 ita
683 1345 816 1392 dicam,
835 1351 910 1386 duo
933 1351 1089 1386 concilia
1110 1350 1360 1386 Oecmnenica
1375 1351 1568 1397 jurarunt.

302 1496 351 1531 L't
375 1506 468 1542 opus
491 1499 571 1530 tam
594 1494 740 1540 insigne
762 1494 888 1529 debito
915 1494 1036 1529 nitore
1060 1493 1227 1540 prodeat,
1247 1494 1421 1540 quamvis
1444 1498 1587 1541 quanto
1607 1495 1695 1540 Jure
1719 1498 1847 1530 nostro

199 1567 302 1614 prelo
327 1566 551 1602 Academico
577 1566 679 1612 typis
707 1565 871 1612 Syriacis
896 1565 1049 1611 gloriari
1076 1565 1188 1601 liceat
1214 1565 1324 1601 testis
1350 1565 1459 1601 adest,
1484 1565 1672 1601 Johannis
1696 1565 1846 1612 Ephesii

203 1638 369 1674 Historia
387 1637 661 1678 Ecclesiastiea,
683 1641 813 1672 tamen
838 1637 927 1683 quia
951 1636 1069 1672 moles
1091 1637 1214 1683 operis
1237 1637 1358 1683 major
1381 1636 1456 1672 fuit
1480 1648 1595 1683 quam
1619 1648 1716 1683 quae
1738 1640 1849 1673 tanta

200 1709 482 1757 magnificentia
508 1709 679 1755 luxuque
706 1708 763 1743 uti
789 1712 926 1754 posset,
954 1708 1065 1744 solita
1089 1708 1351 1743 munificentia
1378 1708 1460 1744 fieri
1488 1712 1718 1744 curaverunt,
1742 1708 1848 1744 Dele-

200 1782 289 1828 gati,
318 1781 481 1817 alterum
512 1784 691 1826 typorum
723 1780 877 1821 fontem,
906 1779 1005 1815 mole
1035 1779 1182 1821 minori,
1214 1780 1296 1826 pari
1332 1779 1624 1826 pulchritudine,
1652 1791 1735 1816 eam
1767 1780 1848 1816 lite-

200 1864 328 1888 rarum
355 1852 526 1893 formam,
555 1851 777 1897 Estrangelo
803 1851 956 1892 dictam,
984 1851 1220 1892 referentem,
1247 1862 1345 1897 quae
1373 1851 1454 1886 sola
1484 1851 1585 1897 apud
1612 1851 1726 1886 Codd.
1753 1852 1849 1887 anti-

201 1924 350 1971 quiores
379 1923 545 1959 obtinet:
582 1934 658 1969 qua
686 1923 801 1958 etiam
831 1933 923 1958 usus
951 1926 1009 1957 est
1038 1922 1096 1957 vir
1123 1922 1281 1969 insignis
1308 1922 1632 1958 Widmanstadius
1660 1922 1699 1957 in
1728 1923 1848 1969 primo

202 1996 296 2031 libro
315 1995 468 2041 Syriaco
486 1995 679 2041 impresso,
699 1994 802 2029 Novo
821 1994 964 2029 scilicet
982 1993 1233 2033 TestamentQ
1255 1993 1421 2029 Viennae
1440 1995 1567 2029 Austr.
1587 1994 1682 2029 A.D.
1701 1994 1848 2029 MDLV.

202 2052 356 2102 edendo.
410 2066 538 2112 Neque
563 2065 736 2112 equidem
767 2065 852 2107 scio,
877 2076 994 2112 quare
1021 2065 1168 2111 turpior
1195 2065 1261 2100 illa
1286 2064 1418 2107 forma,
1445 2076 1560 2111 quam
1587 2065 1848 2101 Maroniticam

202 2138 262 2174 vel
294 2137 511 2184 Simplicem
542 2140 774 2183 nuncupant,
806 2137 845 2172 in
880 2140 961 2172 tam
991 2136 1190 2183 vulgatum
1219 2137 1366 2172 venerit
1400 2148 1522 2178 usum,
1555 2136 1628 2172 nisi
1662 2137 1720 2179 sit,
1750 2137 1848 2183 quod

203 2210 242 2245 in
267 2213 349 2245 tam
375 2208 485 2244 foeda
511 2208 708 2244 literarum
731 2208 982 2244 Orientalium
1005 2208 1102 2248 tabe,
1123 2207 1187 2254 qui
1213 2207 1324 2254 pauci
1347 2207 1386 2242 in
1408 2207 1478 2243 has
1500 2219 1560 2243 res
1584 2208 1848 2245 incubuerunt.

205 2279 295 2316 MSa
329 2283 482 2316 tantum
522 2279 671 2315 serioris
706 2279 789 2314 aevi
829 2279 1107 2325 pe1·v01ve1·int;
1147 2282 1186 2314 et
1220 2279 1320 2325 quod
1356 2279 1578 2321 Assemanii,
1614 2279 1684 2315 viri
1719 2279 1750 2314 si
1785 2280 1847 2325 qui

205 2361 372 2397 unquam
390 2351 587 2386 literarum
607 2350 848 2396 Syriaearum
866 2350 1094 2397 peritissimi,
1114 2350 1275 2386 formam
1295 2350 1365 2386 sibi
1384 2354 1429 2386 ut
1447 2350 1644 2387 Maronitis
1665 2351 1846 2386 notiorem

208 2421 286 2456 suis
304 2421 477 2467 operibus
495 2421 636 2457 claram
656 2421 822 2457 fecerint.

306 2562 355 2598 Te
374 2563 560 2599 monitum
578 2564 703 2605 velim,
723 2564 791 2600 hos
809 2568 958 2599 nostros
976 2567 1087 2610 typos
1105 2563 1161 2599 ita
1178 2574 1338 2599 excusos
1356 2575 1446 2605 esse,
1466 2566 1509 2598 ut
1533 2565 1676 2608 puncta
1696 2562 1850 2599 Kushoi.

209 2632 354 2669 Rukok.
373 2636 410 2669 et
430 2633 543 2669 Ribui
567 2634 688 2670 literis
705 2620 954 2670 adfixa‘sint:
982 2633 1019 2670 id
1039 2633 1138 2680 quod
1160 2634 1299 2680 partim
1318 2634 1443 2681 probo,
1462 2633 1602 2680 partim
1627 2644 1701 2669 non
1726 2633 1850 2680 probo.
