2040 2903
665 448 1395 515 PRAEFATIO.

266 799 320 834 Ex
357 799 436 840 tibi,
472 799 598 841 lector,
635 798 912 834 nobilissimum
948 798 1078 845 Cyl-illi
1118 799 1155 833 in
1192 797 1333 833 Lucam
1369 798 1703 841 Commentarium,
1742 811 1854 846 quem

209 871 352 906 Graeco
377 882 548 906 sermone
569 881 708 916 magna
726 881 773 905 ex
792 875 900 916 parte
919 869 1166 916 deperditum,
1187 870 1269 915 jam
1296 880 1391 916 pene
1414 872 1538 905 totum
1565 874 1693 906 nostro
1719 871 1857 907 obtulit

207 942 333 977 seculo
363 942 522 988 insignis
550 941 742 977 MStorum
771 942 1017 977 Nitriensium
1052 941 1153 987 apud
1180 940 1353 975 Museum
1383 940 1645 976 Britannicum
1674 942 1853 977 collectio.

209 1013 351 1055 Quanti
370 1013 485 1049 fuerit
503 1013 604 1059 apud
623 1017 769 1048 veteres
787 1013 1050 1048 demonstrant
1065 1012 1239 1054 Catenae,
1252 1011 1390 1058 quibus
1409 1015 1488 1047 tam
1507 1012 1684 1058 frequens
1704 1013 1740 1048 in
1758 1014 1853 1048 Luca

208 1084 433 1131 explicando
462 1084 593 1131 Cyrilli
624 1095 726 1126 usus,
755 1095 870 1130 quam
898 1083 1157 1130 chrysostomi
1187 1083 1227 1118 in
1251 1083 1419 1119 Joanne:
1452 1083 1586 1130 quanti
1613 1084 1728 1119 etiam
1756 1086 1855 1130 apud

209 1156 323 1202 Syros
349 1156 458 1191 testis
485 1155 593 1191 adest
619 1155 712 1191 haec
739 1156 822 1202 ipsa
850 1155 1029 1197 collectio,
1059 1155 1119 1190 cui
1155 1155 1287 1190 insunt
1322 1158 1405 1190 octo
1433 1155 1578 1190 codices
1612 1155 1700 1201 plus
1730 1156 1857 1190 minus

208 1227 322 1273 hujus
350 1227 620 1263 Commentarii
649 1215 882 1268 exhibentes,
910 1227 1025 1262 etiam
1053 1226 1084 1261 si
1111 1226 1196 1261 illos
1222 1229 1437 1272 praetereas
1463 1226 1529 1272 qui
1555 1227 1679 1262 multa
1705 1227 1856 1273 quidem

208 1309 256 1333 ex
283 1309 326 1333 eo
352 1298 521 1339 laudaut,
549 1309 623 1333 non
652 1298 705 1333 ita
731 1301 861 1333 autem
888 1302 932 1333 ut
961 1298 1008 1333 ad
1037 1297 1195 1333 mendas
1221 1297 1443 1333 reficiendas
1469 1297 1634 1333 valeant.
1687 1298 1856 1340 Quorum

206 1373 335 1405 tamen
362 1380 439 1404 uno
464 1369 512 1404 ad
540 1369 693 1405 criticen
721 1369 857 1404 saltem
885 1380 978 1404 usus
1005 1380 1098 1411 sum,
1123 1369 1250 1405 Severi
1277 1368 1421 1404 scilicet
1448 1369 1675 1404 Antiocheni
1701 1369 1739 1404 in
1761 1370 1857 1405 Juli-

207 1452 325 1477 anum
351 1440 438 1476 libri
464 1440 635 1476 versione
669 1440 831 1487 Syriaca„
852 1440 916 1476 No.
940 1442 1079 1482 12158,
1107 1443 1146 1476 et
1176 1443 1330 1487 propter
1362 1440 1550 1486 egregiam
1577 1441 1856 1487 antiquitatem,

207 1515 338 1558 utpote
374 1523 471 1558 quae
507 1513 549 1547 Α.
567 1512 610 1547 D.
646 1511 919 1547 DLXXXVHI.
953 1515 1112 1547 exarata
1146 1515 1214 1553 est,
1250 1515 1289 1547 et
1323 1511 1413 1558 quia.
1446 1523 1569 1557 neque
1611 1512 1781 1553 Severus,
1814 1517 1857 1546 ut

207 1583 373 1619 Graecus
399 1584 568 1629 scriptor,
593 1594 715 1630 neque
740 1583 803 1618 ille
828 1583 893 1629 qui
921 1583 1072 1629 Sniace
1096 1583 1269 1625 reddidit,
1295 1583 1414 1618 nostri
1438 1583 1497 1618 usi
1522 1587 1612 1618 sunt
1638 1583 1855 1629 interpretis

206 1666 328 1701 opera.
392 1655 514 1697 Quam
545 1655 639 1690 bene
670 1659 799 1690 tamen
831 1655 964 1690 ambae
996 1655 1185 1690 versiones
1216 1655 1255 1689 in
1287 1655 1449 1690 eundem
1482 1654 1669 1690 Graecum
1704 1660 1854 1690 textum

206 1727 454 1768 consentiant,
491 1726 570 1772 ipse
605 1726 759 1763 videbis,
796 1726 826 1761 si
863 1726 1057 1761 homiliam
1095 1726 1339 1762 centesimam
1376 1726 1421 1761 iis
1457 1727 1637 1764 conferas.
1674 1738 1770 1772 quae
1807 1738 1850 1761 ex

207 1798 343 1833 Severo
370 1799 468 1833 inter
495 1797 841 1833 Animadvertenda
870 1797 988 1843 posui.
1042 1797 1085 1832 In
1112 1797 1288 1833 homilias
1314 1797 1415 1833 enim
1438 1797 1559 1833 CLVI.
1583 1798 1744 1833 divisum
1774 1810 1854 1833 esse

207 1869 530 1921 Commentarium
562 1872 600 1904 te
622 1870 705 1915 Jam
733 1869 971 1904 admonitum
1002 1869 1114 1904 velim
1143 1872 1187 1904 ut
1214 1869 1351 1904 melius
1382 1880 1479 1914 quae
1506 1869 1552 1904 de
1581 1869 1772 1904 codicibus
1801 1882 1855 1903 se-

205 1945 376 1987 quuntur
402 1941 602 1986 intelligas.

306 2012 483 2058 Princeps
514 2012 629 2057 igitur
657 2012 794 2053 Codex,
823 2013 883 2048 eui
918 2012 1041 2053 titulo,
1070 2011 1200 2058 Cyrilli
1229 2011 1478 2046 Alexandrini
1511 2011 1548 2046 in
1580 2011 1718 2046 Lucam
1745 2013 1851 2047 Com-

204 2084 422 2124 mentarius,
460 2083 498 2118 in
532 2083 626 2118 duos
662 2087 793 2125 tomos,
822 2083 885 2119 NiS.
908 2085 1048 2125 14,551.
1082 2085 1221 2124 14552,
1253 2082 1515 2128 magnitudine
1549 2082 1699 2128 dispari,
1727 2083 1850 2117 ‹listri-

204 2154 319 2190 butus
345 2160 411 2194 est,
431 2166 591 2201 quorum
619 2155 729 2201 prior,
751 2155 859 2191 initio
885 2155 1054 2196 mutilus,
1082 2154 1129 2189 ab
1158 2154 1313 2189 homilia
1339 2158 1491 2189 tantum
1520 2153 1669 2188 xxixa
1696 2154 1846 2198 incipit:

204 2235 333 2260 omnes
357 2226 434 2261 fere
458 2229 598 2272 postea,
621 2237 697 2261 uno
722 2226 782 2261 vel
809 2227 927 2262 altero
950 2226 1038 2261 folio
1062 2226 1213 2267 amisso,
1232 2225 1279 2260 ad
1304 2225 1497 2259 homiliam
1526 2224 1721 2259 Lxxxam
1748 2229 1848 2258 recto

205 2295 333 2331 ordine
351 2297 524 2334 exhibet:
552 2297 649 2333 alter
667 2297 846 2333 colluvies
864 2298 1039 2333 foliorum
1059 2300 1126 2337 est,
1143 2296 1326 2342 Sibyllino
1341 2296 1470 2331 ordine
1485 2295 1585 2331 haud
1606 2299 1684 2330 tam
1702 2294 1845 2337 dis-rosta

205 2377 318 2411 quam
353 2372 550 2413 congesta:
591 2369 713 2404 multa
748 2369 863 2403 etiam
896 2369 1044 2404 desunt.
1110 2367 1278 2413 Denique
1313 2367 1624 2402 membranaceus
1655 2371 1721 2403 est,
1754 2365 1847 2399 bene

202 2441 390 2475 exaratus,
418 2438 446 2473 si
475 2439 586 2474 ambo
614 2439 746 2475 eadem
775 2451 891 2475 manu
921 2439 1013 2474 tomi
1043 2439 1107 2474 vix
1137 2439 1236 2481 scio;
1274 2443 1374 2473 certe
1403 2442 1627 2483 punctorum
1660 2436 1696 2470 in
1726 2436 1846 2482 primo

203 2507 346 2553 plenior
367 2519 459 2544 usus
482 2513 548 2551 est,
572 2515 610 2545 at
638 2510 674 2545 in
700 2510 864 2546 seeundo
886 2510 1124 2546 adcuratior:
1153 2510 1275 2545 octavi
1300 2508 1458 2544 forsitan
1484 2507 1597 2542 seculi
1621 2511 1687 2542 est.

238 2580 275 2601 Τ
1008 2581 1031 2615 b
